<record xmlns="http://www.loc.gov/MARC21/slim" xmlns:xsi="http://www.w3.org/2001/XMLSchema-instance" xsi:schemaLocation="http://www.loc.gov/MARC21/slim http://www.loc.gov/standards/marcxml/schema/MARC21slim.xsd"><leader>02910nam a2200445   4500</leader><controlfield tag="001">1931250</controlfield><controlfield tag="003">NIC</controlfield><controlfield tag="006">m        d        </controlfield><controlfield tag="007">cr cn |||m|||a</controlfield><controlfield tag="008">150113m19359999le hj   ob    000 0 arar </controlfield><datafield ind1=" " ind2=" " tag="040"><subfield code="a">NNU</subfield><subfield code="b">eng</subfield><subfield code="e">rda</subfield><subfield code="c">NNU</subfield></datafield><datafield ind1="0" ind2="4" tag="050"><subfield code="a">PJ25</subfield><subfield code="b">.A6 no. 7, etc.</subfield></datafield><datafield ind1="1" ind2=" " tag="100"><subfield code="6">880-01</subfield><subfield code="a">Jabbu&#772;r, Jibra&#772;&#700;i&#772;l Sulayma&#772;n.</subfield></datafield><datafield ind1="1" ind2="0" tag="245"><subfield code="6">880-02</subfield><subfield code="a">&#699;Umar ibn Abi&#772; Rabi&#772;&#699;ah,</subfield><subfield code="b">wa-huwa dira&#772;sah tah&#803;li&#772;li&#772;yah fi&#772; thala&#772;that ajza&#772;&#700; tabh&#803;athu fi&#772; &#699;as&#803;rihi wa-h&#803;aya&#772;tihi wa-shi&#699;rih.</subfield><subfield code="c">bi-qalam Jibra&#772;&#700;i&#772;l Sulayma&#772;n Jabbu&#772;r.</subfield></datafield><datafield ind1=" " ind2=" " tag="260"><subfield code="6">880-03</subfield><subfield code="a">Bayru&#772;t :</subfield><subfield code="b">al-Mat&#803;ba&#699;ah al-Ka&#772;thu&#772;li&#772;ki&#772;yah,</subfield><subfield code="c">1935-</subfield></datafield><datafield ind1=" " ind2=" " tag="300"><subfield code="a">online resource (volumes) :</subfield><subfield code="b">facsimiles, genealogical table</subfield></datafield><datafield ind1=" " ind2=" " tag="336"><subfield code="a">text</subfield><subfield code="2">rdacontent</subfield></datafield><datafield ind1=" " ind2=" " tag="337"><subfield code="a">computer</subfield><subfield code="2">rdamedia</subfield></datafield><datafield ind1=" " ind2=" " tag="338"><subfield code="a">online resource</subfield><subfield code="2">rdacarrier</subfield></datafield><datafield ind1="1" ind2=" " tag="490"><subfield code="6">880-04</subfield><subfield code="a">Ja&#772;mi&#699;at al-Ami&#772;riki&#772;ah fi&#772; Bayru&#772;t. Manshu&#772;ra&#772;t Kulli&#772;yat al-&#699;Ulu&#772;m wa-al-A&#772;da&#772;b. Silsilat al-&#699;ulu&#772;m al-sharqi&#772;yah ;</subfield><subfield code="v">7, 13</subfield></datafield><datafield ind1=" " ind2=" " tag="500"><subfield code="a">Added t.p.: &#699;Umar ibn Abi&#772; Rabi&#772;&#699;ah, his age, life and works, by Jibra&#772;&#700;i&#772;l S. Jabbu&#772;r.</subfield></datafield><datafield ind1=" " ind2=" " tag="500"><subfield code="a">Vol. 2 has imprint: al-Mat&#803;ba&#699;ah al-Ami&#772;rika&#772;ni&#772;ah.</subfield></datafield><datafield ind1=" " ind2=" " tag="500"><subfield code="a">Part of the Arabic Collections Online (ACO) project, contributed by Cornell University Libraries.</subfield></datafield><datafield ind1="1" ind2=" " tag="505"><subfield code="a">al-juz&#700; al-awwal: &#699;As&#803;r Ibn Abi&#772; Rabi&#772;&#699;ah -- al-juz&#700; al-tha&#772;ni&#772;: H&#803;aya&#772;t Ibn Abi&#772; Rabi&#772;&#699;ah.</subfield></datafield><datafield ind1=" " ind2=" " tag="533"><subfield code="a">Electronic reproduction.</subfield><subfield code="b">New York, N.Y. :</subfield><subfield code="c">New York University,</subfield><subfield code="d">2015.</subfield><subfield code="5">NNU</subfield></datafield><datafield ind1="0" ind2="0" tag="600"><subfield code="6">880-05</subfield><subfield code="a">&#699;Umar ibn Abi&#772; Rabi&#772;&#699;ah,</subfield><subfield code="d">643 or 644-711 or 712.</subfield></datafield><datafield ind1="0" ind2="7" tag="600"><subfield code="a">&#699;Umar ibn Abi&#772; Rabi&#772;&#699;at&#776;</subfield><subfield code="d">(0644-0712)</subfield><subfield code="x">Histoire et critique.</subfield><subfield code="2">ram</subfield></datafield><datafield ind1="0" ind2="7" tag="600"><subfield code="a">&#699;Umar ibn Abi&#772; Rabi&#772;&#699;ah,</subfield><subfield code="d">643 or 644-711 or 712</subfield><subfield code="2">fast</subfield><subfield code="0">(OCoLC)fst01852176</subfield></datafield><datafield ind1="2" ind2=" " tag="710"><subfield code="a">Cornell University.</subfield><subfield code="b">Libraries.</subfield></datafield><datafield ind1="0" ind2=" " tag="730"><subfield code="a">Arabic Collections Online.</subfield></datafield><datafield ind1="0" ind2="8" tag="776"><subfield code="i">Online version:</subfield><subfield code="a">Jabbu&#772;r, Jibra&#772;&#700;i&#772;l Sulayma&#772;n.</subfield><subfield code="t">&#699;Umar ibn Abi&#772; Rabi&#772;&#699;ah.</subfield><subfield code="d">Bayru&#772;t, al-Mat&#803;ba&#699;ah al-Ka&#772;thu&#772;li&#772;ki&#772;yah, 1935-</subfield><subfield code="w">(OCoLC)558424691</subfield></datafield><datafield ind1="0" ind2="8" tag="776"><subfield code="i">Print version:</subfield><subfield code="a">Jabbu&#772;r, Jibra&#772;&#700;i&#772;l Sulayma&#772;n.</subfield><subfield code="t">&#699;Umar ibn Abi&#772; Rabi&#772;&#699;ah</subfield><subfield code="w">(NIC)1931250</subfield><subfield code="w">(DLC)   59034973 </subfield><subfield code="w">(OCoLC)22723093</subfield></datafield><datafield ind1="4" ind2="0" tag="856"><subfield code="u">http://hdl.handle.net/2333.1/hmgqnnj5</subfield></datafield><datafield ind1="1" ind2=" " tag="880"><subfield code="6">100-01/r</subfield><subfield code="a">&#1580;&#1576;&#1608;&#1585;&#1548; &#1580;&#1576;&#1585;&#1575;&#1574;&#1610;&#1604; &#1587;&#1604;&#1610;&#1605;&#1575;&#1606;.</subfield></datafield><datafield ind1="1" ind2="0" tag="880"><subfield code="6">245-02/r</subfield><subfield code="a">&#1593;&#1605;&#1585; &#1576;&#1606; &#1571;&#1576;&#1610; &#1585;&#1576;&#1610;&#1593;&#1577; :</subfield><subfield code="b">&#1608;&#1607;&#1608; &#1583;&#1585;&#1575;&#1587;&#1577; &#1578;&#1581;&#1604;&#1610;&#1604;&#1610;&#1577; &#1601;&#1610; &#1579;&#1604;&#1575;&#1579;&#1577; &#1571;&#1580;&#1586;&#1575;&#1569; &#1578;&#1576;&#1581;&#1579; &#1601;&#1610; &#1593;&#1589;&#1585;&#1607; &#1608;&#1581;&#1610;&#1575;&#1578;&#1607; &#1608;&#1588;&#1593;&#1585;&#1607; /</subfield><subfield code="c">&#1576;&#1602;&#1604;&#1605; &#1580;&#1576;&#1585;&#1575;&#1574;&#1610;&#1604; &#1587;&#1604;&#1610;&#1605;&#1575;&#1606; &#1580;&#1576;&#1608;&#1585;.</subfield></datafield><datafield ind1=" " ind2=" " tag="880"><subfield code="6">260-03/r</subfield><subfield code="a">&#1576;&#1610;&#1585;&#1608;&#1578; :</subfield><subfield code="b">&#1575;&#1604;&#1605;&#1591;&#1576;&#1593;&#1577; &#1575;&#1604;&#1603;&#1575;&#1579;&#1608;&#1604;&#1610;&#1603;&#1610;&#1577;&#1548;</subfield><subfield code="c">[1935]-</subfield></datafield><datafield ind1="1" ind2=" " tag="880"><subfield code="6">490-04/r</subfield><subfield code="a">&#1575;&#1604;&#1580;&#1575;&#1605;&#1593;&#1577; &#1575;&#1604;&#1571;&#1605;&#1610;&#1585;&#1603;&#1610;&#1577; &#1601;&#1610; &#1576;&#1610;&#1585;&#1608;&#1578;. &#1605;&#1606;&#1588;&#1608;&#1585;&#1575;&#1578; &#1603;&#1604;&#1610;&#1577; &#1575;&#1604;&#1593;&#1604;&#1608;&#1605; &#1608;&#1575;&#1604;&#1570;&#1583;&#1575;&#1576;. &#1587;&#1604;&#1587;&#1604;&#1577; &#1575;&#1604;&#1593;&#1604;&#1608;&#1605; &#1575;&#1604;&#1588;&#1585;&#1602;&#1610;&#1577; &#1563;</subfield><subfield code="v">7&#1548; 13</subfield></datafield><datafield ind1="1" ind2="4" tag="880"><subfield code="6">600-05/r</subfield><subfield code="a">&#1593;&#1605;&#1585; &#1576;&#1606; &#1571;&#1576;&#1610; &#1585;&#1576;&#1610;&#1593;&#1577;.</subfield></datafield><datafield ind1=" " ind2=" " tag="959"><subfield code="a">NNU</subfield><subfield code="b">WEB</subfield><subfield code="c">GENI</subfield><subfield code="t">0</subfield><subfield code="m">Electronic access</subfield><subfield code="s">01</subfield></datafield><datafield ind1=" " ind2=" " tag="999"><subfield code="i">NIC_1931250</subfield><subfield code="o">(OCoLC)ocm22723093</subfield></datafield></record>